@electronic{ARKit3_support,
    title         = "ARKit 3 features restricted to devices powered by Appleâ€™s latest A12 processors",
    url           = "https://9to5mac.com/2019/06/04/arkit-3-device-support/",
    author = "Chance Miller",
    month = "June",
    year = "2019"
}
@electronic{iPhone_percentage,
    title         = "Apple iPhone Device Market Share Worldwide by Model from 2015 to 2018",
    url           = "https://www.statista.com/statistics/606147/iphone-model-device-market-share-worldwide/",
}
@electronic{automaticSkeletonScaleEstimationEnabled,
	title         = "automaticSkeletonScaleEstimationEnabled",
	url           = "https://developer.apple.com/documentation/arkit/arbodytrackingconfiguration/3255163-automaticskeletonscaleestimation",
}