@electronic{ARBody2D,
	title         = "ARBody2D",
	url           = "https://developer.apple.com/documentation/arkit/arbody2d",
}
@electronic{automaticSkeletonScaleEstimationEnabled,
	title         = "automaticSkeletonScaleEstimationEnabled",
	url           = "https://developer.apple.com/documentation/arkit/arbodytrackingconfiguration/3255163-automaticskeletonscaleestimation",
}
@electronic{iPhone_percentage,
    title         = "Apple iPhone Device Market Share Worldwide by Model from 2015 to 2018",
    url           = "https://www.statista.com/statistics/606147/iphone-model-device-market-share-worldwide/",
}
@electronic{ARKit_A9_processor,
    title         = "One of the hottest iOS 11 features will force you to buy a new iPhone",
    url           = "https://bgr.com/2017/06/08/ios-11-features-augmented-reality/",
    author        = "Chris Smith",
    month         = "June",
    year = "2017"
}
@electronic{ARKit1_features,
    title         = "One of the hottest iOS 11 features will force you to buy a new iPhone",
    url           = "https://bgr.com/2017/06/08/ios-11-features-augmented-reality/",
    author = "Michael Potuck",
    month = "June",
    year = "2017"
}
@electronic{ARKit3_A12_processor,
    title         = "ARKit 3 features restricted to devices powered by Appleâ€™s latest A12 processors",
    url           = "https://9to5mac.com/2019/06/04/arkit-3-device-support/",
    author = "Chance Miller",
    month = "June",
    year = "2019"
}
@electronic{measure_app,
    title         = "Use the Measure app on your iPhone, iPad, or iPod touch",
    url           = "https://support.apple.com/en-us/HT208924",
    month = "May",
    year = "2019"
}
@electronic{swiftui,
    title         = "SwiftUI",
    url           = "https://developer.apple.com/xcode/swiftui/"
}
@electronic{ionic,
    title         = "SwiftUI",
    url           = "https://developer.apple.com/xcode/swiftui/",
    author = "elylucas, camwiegert",
    month = "November",
    year = "2019"
}
@electronic{xamarin,
    title         = "What is Xamarin?",
    url           = "https://docs.microsoft.com/en-us/xamarin/get-started/what-is-xamarin",
    author = "Justin Johnson, David Britch",
    month = "September",
    year = "2019"
}
@electronic{chart.js,
    title         = "Chart.js",
    url           = "https://www.chartjs.org/"
}
@electronic{chart.js_intro,
    title         = "Chart.js",
    url           = "https://www.chartjs.org/docs/latest"
}
@electronic{xamarin_charts,
    title         = "Beautiful Xamarin.Forms Charts & Graphs",
    url           = "https://www.syncfusion.com/xamarin-ui-controls/xamarin-charts"
}
}