@electronic{checkup,
    author        = "Sarah Yang",
    title         = "Baby's Checkup Schedule",
    url           = "https://www.thebump.com/a/new-baby-doctor-visit-checklist",
}
@electronic{cost,
	author        = "HOWMUCHISIT.ORG STAFF",
	title         = "How Much Does a Well-Baby Doctor Visit Cost?",
	url           = "https://www.howmuchisit.org/how-much-does-a-well-baby-doctor-visit-cost/",
    month         = nov,
    year          = "2017"
}
@electronic{births,
	author        = "U.S. Department of Health and Human Services",
	title         = "Births and Natality",
    url           = "https://www.cdc.gov/nchs/fastats/births.htm",
    year          = "2017"
}
@electronic{arkit3support,
	author        = "Chance Miller",
	title         = "ARKit 3 features restricted to devices powered by Appleâ€™s latest A12 processors",
    url           = "https://9to5mac.com/2019/06/04/arkit-3-device-support/",
    year          = "2019"
}