@electronic{openCV,
	author        = "Adrian Rosebrock",
	title         = "Measuring size of objects in an image with OpenCV",
	url           = "https://www.pyimagesearch.com/2016/03/28/measuring-size-of-objects-in-an-image-with-opencv/,
    month         = march,
    year          = "2016"
}
@electronic{ARCore,
	title         = "ARCore Developer Documentation",
	url           = "https://developers.google.com/ar/develop",
}
@electronic{ARKit,
	title         = "ARKit Developer Documentation",
	url           = "https://developer.apple.com/documentation/arkit/",
}
